0                 01CBA       ASSISTANCE DOGS AUSTRALIA 402501DIRECTDEBITS171013                                        
1123-456  7876876 130000001400MICHAEL MONEYBAGS               a0590000005yUH2AAM062-164 28005315ASSISTANCE DOGS 00000000
7999-999            000000140000000000000000001400                        000001                                        