0                 01CBA       ASSISTANCE DOGS AUSTRALIA 402501DIRECTDEBITS171013                                        
1123-456     5464 130000001000MICHAEL MONEYBAGS               a0590000005y1naAAA062-164 28005315ASSISTANCE DOGS 00000000
7999-999            000000100000000000000000001000                        000001                                        