0                 01CBA       ASSISTANCE DOGS AUSTRALIA 402501DIRECTDEBITS250313                                        
1123-456987654321 130000012345BILL SMITH                      a0590000004yTxDAAU062-164 28005315ASSISTANCE DOGS 00000000
7999-999            000001234500000000000000012345                        000001                                        